@incollection{howard1992practical,
  title={Practical implementations of arithmetic coding},
  author={Howard, Paul G and Vitter, Jeffrey Scott},
  booktitle={Image and text compression},
  pages={85--112},
  year={1992},
  publisher={Springer}
}

@article{cleary1997unbounded,
  title={Unbounded length contexts for PPM},
  author={Cleary, John G and Teahan, William J},
  journal={The Computer Journal},
  volume={40},
  number={2\_and\_3},
  pages={67--75},
  year={1997},
  publisher={Oxford University Press}
}

@phdthesis{steinruecken2015lossless,
  title={Lossless data compression},
  author={Steinruecken, Christian},
  year={2015},
  school={University of Cambridge}
}

